% Encoding: UTF-8

@Article{Schulentwicklung2017,
  author = {Landesinstitut f체r Schulentwicklung},
  title  = {{Beispielcurriculum f체r das Fach Mathematik}},
  year   = {2017},
  url    = {https://rp.baden-wuerttemberg.de/fileadmin/RP-Internet/Tuebingen/Abteilung_7/Fachberater/_DocumentLibraries/Documents/7-8.pdf},
}

@Article{Kultus2016,
  author = {Ministerium f체r Kultus, Jugend und Sport},
  title  = {{Bildungsplan - Mathematik}},
  year   = {2016},
}

@Article{Beckmann2009,
  author  = {Astrid Beckmann},
  title   = {{Didaktik des Mathematikunterrichts der Sekundarstufen}},
  journal = {Skript Universit채t Ulm},
  year    = {2009},
}

@Book{Vollrath2007,
  title     = {Algebra in der Sekundarstufe},
  publisher = {Spektrum Akademischer Verlag},
  year      = {2007},
  author    = {Vollrath \& Weigand},
}

@Comment{jabref-meta: databaseType:bibtex;}
